% This file was created with JabRef 2.10b2.
% Encoding: UTF-8

@Misc{STM32F7,
  Title                    = {Discovery kit with STM32F746NG MCU},

  Author                   = {STMicroelectronics},
  Year                     = {2019},

  Url                      = {(https://www.st.com/en/evaluation-tools/32f746gdiscovery.html)},
  Urlaccessdate            = {15 de novembro de 2019}
}
@Misc{Noviello2018,
  Title                    = {Mastering STM32},

  Author                   = {Carmine Noviello},
  Year                     = {2018},

  Url                      = {(https://leanpub.com/mastering-stm32)},
  Urlaccessdate            = {06 de setembro de 2019}
}
@Misc{Qing2003,
  Title                    = {Real-time concepts for embedded systems},

  Author                   = {Li Qing, YAO Caroline},
  Year                     = {2003},
  publisher = {CRC Press},
}
@Misc{tanenbaumSO,
  Title                    = {OPERATING SYSTEMS DESIGN AND IMPLEMENTATION},

  Author                   = {Tanenbaum, Andrew S.},
  Year                     = {2007},
  publisher = {Pearson Education, inc},
}
@Misc{tanenbaumRedes,
  Title                    = {Computer Networks},

  Author                   = {Tanenbaum, Andrew S.},
  Year                     = {2003},
  publisher = {Pearson Education, inc},
}

@INPROCEEDINGS{Nilsson2008,
author={D. K. {Nilsson} and L. {Sun} and T. {Nakajima}},
booktitle={2008 IEEE Globecom Workshops},
title={A Framework for Self-Verification of Firmware Updates over the Air in Vehicle ECUs},
year={2008},
volume={},
number={},
pages={1-5},
keywords={automotive electronics;cryptography;firmware;program verification;virtual machines;self-verification;vehicle ECU;firmware updates over the air;virtualization techniques;automobile manufacturers;Microprogramming;Vehicles;Protocols;Control systems;Security;Computer science;Automotive engineering;Read only memory;Portals;Sun},
doi={10.1109/GLOCOMW.2008.ECP.56},
ISSN={},
month={Nov},}

@book{Marwedel2006,
 author = {Marwedel, P.},
 title = {Embedded System Design},
 year = {2006},
 isbn = {1402076908},
 publisher = {Springer-Verlag},
 address = {Berlin, Heidelberg},
} 
@book{Ball2002,
 author = {Ball, Stuart},
 title = {Embedded Microprocessor Systems: Real World Design},
 year = {2002},
 isbn = {0750675349},
 edition = {3rd},
 publisher = {Butterworth-Heinemann},
 address = {Newton, MA, USA},
} 

@Misc{DavesDurlin2013,
  Title                    = {Bootloaders 101: making your embedded design future proof},

  Author                   = {Davis, Trevor and Durlin, David},
  Year                     = {2013},

  Url                      = {(https://www.embedded.com/design/prototyping-and-development/4410233/Bootloaders-101--making-your-embedded-design-future-proof)},
  Urlaccessdate            = {06 de setembro de 2019}
}

@Misc{FATFS,
  Title                    = {FatFs - Generic FAT File System Module},

  Author                   = {Chan},
  Year                     = {2016},

  Url                      = {(http://elm-chan.
org/fsw/ff/00index_e.html)},
  Urlaccessdate            = {06 de setembro de 2019}
}
@Misc{LWIP,
  Title                    = {lwIP - A Lightweight TCP/IP stack},

  Author                   = {Dunkels, Adam},
  Year                     = {2002},

  Url                      = {(https://savannah.nongnu.org/projects/lwip/)},
  Urlaccessdate            = {06 de setembro de 2019}
}
@Misc{mbedtls,
  Title                    = {SSL Library mbed TLS / PolarSSL},

  Author                   = {Devine, Christophe},
  Year                     = {2006},

  Url                      = {(https://tls.mbed.org)},
  Urlaccessdate            = {06 de setembro de 2019}
}


@Misc{Salute2018,
  Title                    = {Bootloader: o que é e para que serve?},

  Author                   = {Salutes, Bruno},
  Year                     = {2018},

  Url                      = {(https://www.androidpit.com.br/bootloader-o-que-e-para-que-serve)},
  Urlaccessdate            = {06 de setembro de 2019}
}

@Misc{Beningo2015,
  Title                    = {Embedded Basics – Understanding the Microcontroller Boot Process},

  Author                   = {Beningo, Jacob},
  Year                     = {2015},

  Url                      = {(https://www.beningo.com/understanding-the-microcontroller-boot-process/)},
  Urlaccessdate            = {25 de outubro de 2019}
}




@Manual{abnTeX22014b,
  Title                    = {A classe abntex2},
  Author                   = {abnTeX2 and Lauro C\'{e}sar Araujo},
  Organization             = {Equipe abnTeX2},
  Year                     = {2014},

  Bdsk-url-1               = {http://code.google.com/p/abntex2/wiki/Download},
  Pages                    = {46},
  Subtitle                 = {Documentos t\'{e}cnicos e cient\'{i}ficos brasileiros compat\'{i}veis com as normas ABNT},
  Timestamp                = {2014.09.27},
  Url                      = {http://abntex2.googlecode.com/},
  Urlaccessdate            = {12 de setembro de 2014}
}

@Manual{abnTeX22014d,
  Title                    = {O pacote abntex2cite},
  Author                   = {abnTeX2 and Lauro C\{\textquoteright}{e}sar Araujo},
  Organization             = {Equipe abnTeX2},
  Year                     = {2014},

  Bdsk-url-1               = {http://code.google.com/p/abntex2/wiki/Download},
  Pages                    = {91},
  Subtitle                 = {Estilos bibliogr\'{a}ficos compat\'{i}veis com a ABNT NBR 6023},
  Timestamp                = {2014.09.27},
  Url                      = {http://abntex2.googlecode.com/},
  Urlaccessdate            = {12 de setembro de 2014}
}

@Manual{abnTeX22014c,
  Title                    = {O pacote abntex2cite},
  Author                   = { Lauro C\'{e}sar Araujo and abnTeX2 },
  Organization             = {Equipe abnTeX2},
  Year                     = {2014},

  Bdsk-url-1               = {http://code.google.com/p/abntex2/wiki/Download},
  Pages                    = {23},
  Subtitle                 = {T\'{o}picos espec\'{i}ficos da ABNT NBR 10520:2002 e o estilo bibliogr\'{a}fico alfab\'{e}tico (sistema autor-data)},
  Timestamp                = {2014.09.27},
  Url                      = {http://abntex2.googlecode.com/},
  Urlaccessdate            = {12 de setembro de 2014}
}

@Book{Barbosa2004,
  Title                    = {Testando a utiliza{\c c}\~ao de ``et al.''},
  Author                   = {Carlos Barbosa and {Maria da} Silva Cardoso and {Tenitos da} Silva and Carminda Soares},
  Publisher                = {Editora},
  Year                     = {2004},

  Address                  = {Cidade},
  Edition                  = {2},

  Page                     = {5},
  Timestamp                = {2014.09.24}
}

@Misc{BibTeX2014,
  Title                    = {BibTeX.org},

  Author                   = {BibTeX},
  Year                     = {2014},

  Timestamp                = {2014.09.27},
  Url                      = {http://www.bibtex.org},
  Urlaccessdate            = {31 de julho de 2014}
}

@Book{Buerger1989,
  Title                    = {LaTeX for scientists and engineers},
  Author                   = {Buerger, David John},
  Publisher                = {McGraw-Hill},
  Year                     = {1989},

  Address                  = {Singapura},

  Timestamp                = {2014.09.27}
}

@Article{Carvalho2001,
  Title                    = {Intelig{\^e}ncia competitiva numa vis\~ao de futuro},
  Author                   = {Cl\{\textquoteright}{a}udia Carvalho and Jos\'{e} Fajardo and Joaquim Cruz},
  Journal                  = {DataGramaZero - Revista da Ci{\^e}ncia da Informa{\c c}\~ao},
  Year                     = {2001},
  Number                   = {3},
  Pages                    = {12--16},
  Volume                   = {2},

  Mounth                   = {junho},
  Subtitle                 = {proposta metodol\'{o}gica},
  Timestamp                = {2014.09.27}
}

@Book{Goossens2007,
  Title                    = {The LaTeX graphics companion},
  Author                   = {Goossens, Michel and Mittelbach, Frank and Rahtz, Sebastian and Roegel, Denis and Voss, Herbert},
  Publisher                = {Addison-Wesley},
  Year                     = {2007},

  Address                  = {Boston},
  Edition                  = {2},

  Timestamp                = {2014.09.27}
}

@Misc{IRL2014,
  Title                    = {Internet Research Laboratory},

  Author                   = {IRL},
  Year                     = {2014},

  Key                      = {IRL},
  Timestamp                = {2014.09.24},
  Url                      = {http://irl.cs.ucla.edu/topology},
  Urlaccessdate            = {8 de mar{\c c}o de 2014}
}

@Book{Kopka2003,
  Title                    = {Guide to LaTeX},
  Author                   = {Kopka, Helmut and Daly, Patrick W.},
  Publisher                = {Addison-Wesley},
  Year                     = {2003},

  Address                  = {Boston},
  Edition                  = {4},

  Timestamp                = {2014.09.27}
}

@Book{Lamport1986,
  Title                    = {LaTeX: a document preparation system},
  Author                   = {Lamport, Leslie},
  Publisher                = {Addison-Wesley},
  Year                     = {1986},

  Address                  = {Boston},

  Timestamp                = {2014.09.27}
}

@Misc{LaTeX2014,
  Title                    = {The LaTeX project},

  Author                   = {LaTeX},
  Year                     = {2014},

  Timestamp                = {2014.09.27},
  Url                      = {http://www.latex-project.org},
  Urlaccessdate            = {31 de julho de 2014}
}

@Book{Maturana2003,
  Title                    = {A \'{A}rvore do Conhecimento},
  Author                   = {Humberto R. Maturana and Francisco J. Varela},
  Publisher                = {Editora Palas Athena},
  Year                     = {2003},

  Address                  = {S\~ao Paulo},
  Edition                  = {3},

  Page                     = {283},
  Subtitle                 = {as bases biol\'{o}gicas da compreens\~{a}o humana},
  Timestamp                = {2014.09.27}
}

@Book{Mittelbach2004,
  Title                    = {The LaTeX companion},
  Author                   = {Mittelbach, Frank and Goossens, Michel and Braams, Johannes and Carlisle, David and Rowley, Chris},
  Publisher                = {Addison-Wesley},
  Year                     = {2004},

  Address                  = {Boston},
  Edition                  = {2},

  Timestamp                = {2014.09.27}
}

@PhdThesis{Neubert2001,
  Title                    = {Algoritmos Distribu\'{i}dos para a Constru{\c c}\~ao de Arquivos Invertidos},
  Author                   = {Marden Silveira Neubert},
  School                   = {Departamento de Computa{\c c}\~ao, Universidade Federal de Minas Gerais},
  Year                     = {2001},

  Address                  = {Belo Horizonte},
  Type                     = {Doutorado em Ci{\^e}ncia da Computa{\c c}\~ao},

  Pagename                 = {f.},
  Pages                    = {145},
  Timestamp                = {2014.09.26},
  Year-presented           = {Mar{\c c}o 2001}
}

@MastersThesis{Santos2003,
  Title                    = {Aspectos Conceituais e Arquiteturais para a Cria{\c c}\~ao de Linhagens de Agentes de Software Cognitivos e Situados},
  Author                   = {Bruno Andr\'{e} Santos},
  School                   = {Centro Federal de Educa{\c c}\~ao Tecnol\'{o}gica de Minas Gerais},
  Year                     = {2003},

  Address                  = {Belo Horizonte},
  Type                     = {Mestrado em Tecnologia -- Nome da \'{a}rea de concentra{\c c}\~ao},

  Key                      = {intelig{\^e}ncia artificial, agentes inteligentes, cogni{\c c}\~ao situada},
  Pagename                 = {f.},
  Pages                    = {130},
  Timestamp                = {2014.09.26},
  Year-presented           = {Junho 2003}
}

@Book{Silva2000,
  Title                    = {A Intelig{\^e}ncia da Complexidade},
  Author                   = {Silva, Joaquim and Souza, Jo\~ao {Luiz de}},
  Publisher                = {Editora Petr\'{o}polis},
  Year                     = {2000},

  Address                  = {S\~ao Paulo},

  Timestamp                = {2014.09.24}
}

@MastersThesis{Souza2012,
  Title                    = {Recupera{\c c}\~ao de V\'{i}deos Baseada em Conte\'{u}do em um Sistema de Informa{\c c}\~ao para Apoio \`{a} An\'{a}lise do Discurso Televisivo},
  Author                   = {Celso {Luiz de} Souza},
  School                   = {Centro Federal de Educa{\c c}\~ao Tecnol\'{o}gica de Minas Gerais},
  Year                     = {2012},

  Address                  = {Belo Horizonte},
  Type                     = {Mestrado em Modelagem Matem\'{a}tica e Computacional -- Sistemas Inteligentes},

  Pagename                 = {f.},
  Pages                    = {130},
  Timestamp                = {2014.09.26},
  Year-presented           = {Outubro 2011}
}

@Article{vanGELDER1998,
  Title                    = {Disentangling Dynamics, Computation and Cognition},
  Author                   = {Tim {van GELDER}},
  Journal                  = {Behavioral and Brain Sciences},
  Year                     = {1998},
  Pages                    = {40--47},
  Volume                   = {21},

  Key                      = {cognitive science, digital computer, dynamical hypothesis, dynamical system},
  Timestamp                = {2014.09.26}
}

@Manual{NBR14724:2011,
  Title                    = {{ABNT NBR} 14724},

  Address                  = {Rio de Janeiro},
  Month                    = mar,
  Organization             = {Associa{\c c}\~ao Brasileira de Normas T\'ecnicas},
  Year                     = {2011},

  Org-short                = {ABNT},
  Pages                    = {11},
  Subtitle                 = {Informa{\c c}\~ao e documenta{\c c}\~ao --- Trabalhos acad\^emicos --- Apresenta{\c c}\~ao},
  Timestamp                = {2014.09.27}
}

@Manual{NBR15287:2005,
  Title                    = {{ABNT NBR} 15287},

  Address                  = {Rio de Janeiro},
  Month                    = {dez.},
  Organization             = {Associa{\c c}\~ao Brasileira de Normas T\'ecnicas},
  Year                     = {2005},

  Org-short                = {ABNT},
  Pages                    = {6},
  Subtitle                 = {Informa{\c c}\~ao e documenta{\c c}\~ao --- Projeto de pesquisa --- Apresenta{\c c}\~ao},
  Timestamp                = {2014.09.27}
}

@Manual{NBR10520:2002,
  Title                    = {{NBR} 10520},

  Address                  = {Rio de Janeiro},
  Month                    = {ago.},
  Organization             = {Associa{\c c}\~ao Brasileira de Normas T\'ecnicas},
  Year                     = {2002},

  Org-short                = {ABNT},
  Pages                    = {7},
  Subtitle                 = {Informa{\c c}\~ao e documenta{\c c}\~ao --- Cita{\c c}\~oes em documentos --- Apresenta{\c c}\~ao},
  Timestamp                = {2014.09.27}
}

@Manual{NBR6023:2002,
  Title                    = {{NBR} 6023},

  Address                  = {Rio de Janeiro},
  Month                    = {ago.},
  Organization             = {Associa{\c c}\~ao Brasileira de Normas T\'ecnicas},
  Year                     = {2002},

  Org-short                = {ABNT},
  Pages                    = {24},
  Subtitle                 = {Informa{\c c}\~ao e documenta{\c c}\~ao --- Refer\^encias --- Elabora{\c c}\~ao},
  Timestamp                = {2014.09.27}
}


